@article{Nykiel:2010ft,
author = {Nykiel, Tomasz and Potamias, Michalis and Mishra, Chaitanya and Kollios, George and Koudas, Nick},
title = {{MRShare: sharing across multiple queries in MapReduce}},
journal = {Proceedings of the VLDB Endowment},
year = {2010},
volume = {3},
number = {1-2},
pages = {494--505},
month = sep
}

@article{Wang:2013du,
author = {Wang, Guoping and Chan, Chee-Yong},
title = {{Multi-query optimization in MapReduce framework}},
journal = {Proceedings of the VLDB Endowment},
year = {2013},
volume = {7},
number = {3},
pages = {145--156},
month = nov
}
